@inproceedings{ChaturantabutIEEECDC09,
	Address = {Shanghai, China},
	Author = {Chaturantabut, S. and Sorensen, D. C.},
	Booktitle = {Joint 48th IEEE Conference on Decision and Control and 28th Chinese Control Conference},
	Month = {December},
	Pages = {4316--4321},
	Title = {Discrete Empirical Interpolation for Nonlinear Model Reduction},
	Year = {2009}}
